<record xmlns="http://www.loc.gov/MARC21/slim" xmlns:xsi="http://www.w3.org/2001/XMLSchema-instance" xsi:schemaLocation="http://www.loc.gov/MARC21/slim http://www.loc.gov/standards/marcxml/schema/MARC21slim.xsd">

  <leader>00531nam a2200169Ia 4500</leader>
  <datafield ind1=" " ind2=" " tag="999">
    <subfield code="c">1246</subfield>
    <subfield code="d">1246</subfield>
  </datafield>
  <controlfield tag="008">170523b1996    p  ||||| |||| 00| | spa d</controlfield>
  <datafield tag="090" ind2=" " ind1=" ">
    <subfield code="a">02.04.02 </subfield>
    <subfield code="b">534</subfield>
  </datafield>
  <datafield ind1="1" tag="100" ind2=" ">
    <subfield code="a">Galdos Silva, Susana</subfield>
    <subfield code="9">2828</subfield>
  </datafield>
  <datafield tag="245" ind2="3" ind1="1">
    <subfield code="a">Mi cuerpo es mi territorio :  pautas de prevención del abuso sexual hacia los niños y las niñas /</subfield>
    <subfield code="c">Susana Galdos</subfield>
  </datafield>
  <datafield ind2=" " tag="260" ind1=" ">
    <subfield code="a">Perú :  </subfield>
    <subfield code="b">Manuela Ramos, </subfield>
    <subfield code="c">1996</subfield>
  </datafield>
  <datafield ind2=" " tag="300" ind1=" ">
    <subfield code="a">31 páginas</subfield>
  </datafield>
  <datafield ind1="1" ind2="4" tag="650">
    <subfield code="a">ABUSO SEXUAL</subfield>
    <subfield code="9">58</subfield>
  </datafield>
  <datafield ind1="1" tag="650" ind2="4">
    <subfield code="a">NIÑOS</subfield>
    <subfield code="9">59</subfield>
  </datafield>
  <datafield ind1="1" tag="650" ind2="4">
    <subfield code="a">NIÑAS</subfield>
    <subfield code="9">60</subfield>
  </datafield>
  <datafield ind1="1" ind2="4" tag="650">
    <subfield code="a">PREVENCIÓN</subfield>
    <subfield code="9">554</subfield>
  </datafield>
  <datafield ind2=" " tag="942" ind1=" ">
    <subfield code="2">z</subfield>
    <subfield code="c">01</subfield>
  </datafield>
</record>